<record><leader>00000cas a22000007a 4500</leader><controlfield tag="001">10618402</controlfield><controlfield tag="007">hd afu---buca</controlfield><controlfield tag="008">840411d18091832nyuuu nea     0   a0eng d</controlfield><datafield ind1=" " ind2=" " tag="010"><subfield code="a">sn 85060363 </subfield></datafield><datafield ind1=" " ind2=" " tag="040"><subfield code="a">XBM</subfield><subfield code="b">eng</subfield><subfield code="c">XBM</subfield><subfield code="d">HUL</subfield><subfield code="d">NST</subfield><subfield code="d">OCLCQ</subfield><subfield code="d">OCLCF</subfield><subfield code="d">OCLCO</subfield><subfield code="d">OCL</subfield></datafield><datafield ind1=" " ind2=" " tag="012"><subfield code="i">8511</subfield></datafield><datafield ind1=" " ind2=" " tag="019"><subfield code="a">428440101</subfield></datafield><datafield ind1=" " ind2=" " tag="042"><subfield code="a">msc</subfield></datafield><datafield ind1=" " ind2=" " tag="043"><subfield code="a">n-us-ct</subfield></datafield><datafield ind1=" " ind2="4" tag="050"><subfield code="a">AN12.H37</subfield><subfield code="b">C65</subfield></datafield><datafield ind1="0" ind2="0" tag="245"><subfield code="a">Connecticut mirror</subfield><subfield code="h">[microform].</subfield></datafield><datafield ind1=" " ind2=" " tag="260"><subfield code="a">Hartford, Conn. :</subfield><subfield code="b">C. Hosmer,</subfield><subfield code="c">1809-1832.</subfield></datafield><datafield ind1=" " ind2=" " tag="300"><subfield code="a">23 v. :</subfield><subfield code="b">ill. ;</subfield><subfield code="c">52 cm.</subfield></datafield><datafield ind1="0" ind2=" " tag="362"><subfield code="a">Vol. 1, no. 1 (July 10, 1809)-v. 23, no. 1224 (Dec. 15, 1832).</subfield></datafield><datafield ind1=" " ind2=" " tag="500"><subfield code="a">Publisher varies.</subfield></datafield><datafield ind1=" " ind2=" " tag="533"><subfield code="a">Microfilm.</subfield><subfield code="b">New York :</subfield><subfield code="c">Readex Microprint Corp.,</subfield><subfield code="d">[1984].</subfield><subfield code="e">6 microfilm reels ; 4 in., 35 mm.</subfield><subfield code="f">(Early American newspapers).</subfield></datafield><datafield ind1=" " ind2="0" tag="651"><subfield code="a">Connecticut</subfield><subfield code="x">History</subfield><subfield code="y">1775-1865</subfield><subfield code="x">Sources</subfield><subfield code="v">Periodicals.</subfield></datafield><datafield ind1=" " ind2="7" tag="650"><subfield code="a">History</subfield><subfield code="x">Sources.</subfield><subfield code="2">fast</subfield><subfield code="0">(OCoLC)fst00958295</subfield></datafield><datafield ind1=" " ind2="7" tag="651"><subfield code="a">Connecticut.</subfield><subfield code="2">fast</subfield><subfield code="0">(OCoLC)fst01205688</subfield></datafield><datafield ind1=" " ind2="7" tag="648"><subfield code="a">1775 - 1865</subfield><subfield code="2">fast</subfield></datafield><datafield ind1=" " ind2="7" tag="655"><subfield code="a">History</subfield><subfield code="2">fast</subfield><subfield code="0">(OCoLC)fst01411628</subfield></datafield><datafield ind1=" " ind2="7" tag="655"><subfield code="a">Periodicals.</subfield><subfield code="2">fast</subfield><subfield code="0">(OCoLC)fst01411641</subfield></datafield><datafield ind1=" " ind2=" " tag="752"><subfield code="a">United States</subfield><subfield code="b">Connecticut</subfield><subfield code="d">Hartford.</subfield></datafield><datafield ind1="1" ind2=" " tag="776"><subfield code="t">Connecticut mirror</subfield><subfield code="w">(DLC)sn 82014094</subfield><subfield code="w">(OCoLC)2259736</subfield></datafield><datafield ind1="0" ind2="4" tag="785"><subfield code="t">American mercury (Hartford, Conn.)</subfield><subfield code="w">(DLC)sn 82014349</subfield><subfield code="w">(OCoLC)2257374</subfield></datafield><datafield ind1=" " ind2=" " tag="850"><subfield code="a">MH</subfield><subfield code="a">NBuU</subfield><subfield code="a">NSyU</subfield><subfield code="a">TU</subfield></datafield><datafield ind1="1" ind2=" " tag="029"><subfield code="a">AU@</subfield><subfield code="b">000003677443</subfield></datafield><datafield ind1="1" ind2=" " tag="029"><subfield code="a">AU@</subfield><subfield code="b">000026673725</subfield></datafield></record>